@article{razborov1992distributional,
  title={On the distributional complexity of disjointness},
  author={Razborov, Alexander A.},
  journal={Theoretical Computer Science},
  volume={106},
  number={2},
  pages={385--390},
  year={1992},
  publisher={Elsevier}
}

@article{nisan1995rank,
  title={On rank vs. communication complexity},
  author={Nisan, Noam and Wigderson, Avi},
  journal={Combinatorica},
  volume={15},
  number={4},
  pages={557--565},
  year={1995},
  publisher={Springer}
}
